<record><leader>00000cas a22000007a 4500</leader><controlfield tag="001">2625353</controlfield><controlfield tag="008">761215d18331839aludn ne      0   a0eng  </controlfield><datafield ind1=" " ind2=" " tag="010"><subfield code="a">sn 84020695 </subfield><subfield code="z">   76641175 </subfield></datafield><datafield ind1=" " ind2=" " tag="040"><subfield code="a">DLC</subfield><subfield code="b">eng</subfield><subfield code="c">DLC</subfield><subfield code="d">NPX</subfield><subfield code="d">DLC</subfield><subfield code="d">NVJ</subfield><subfield code="d">CUS</subfield></datafield><datafield ind1=" " ind2=" " tag="042"><subfield code="a">msc</subfield></datafield><datafield ind1=" " ind2=" " tag="043"><subfield code="a">n-us-al</subfield></datafield><datafield ind1="1" ind2="4" tag="050"><subfield code="a">AN</subfield></datafield><datafield ind1="0" ind2="0" tag="050"><subfield code="a">Newspaper 7003-X</subfield></datafield><datafield ind1="0" ind2=" " tag="130"><subfield code="a">Mobile mercantile advertiser (Mobile, Ala. : 1833)</subfield></datafield><datafield ind1="0" ind2="4" tag="245"><subfield code="a">The Mobile mercantile advertiser.</subfield></datafield><datafield ind1=" " ind2=" " tag="260"><subfield code="a">Mobile, Ala. :</subfield><subfield code="b">John Pollard,</subfield><subfield code="c">1833-</subfield></datafield><datafield ind1=" " ind2=" " tag="300"><subfield code="a">volumes :</subfield><subfield code="b">illustrations (chiefly advertisements) ;</subfield><subfield code="c">64 cm.</subfield></datafield><datafield ind1=" " ind2=" " tag="310"><subfield code="a">Daily (eight months of the year), triweekly (four months of the year)</subfield></datafield><datafield ind1=" " ind2=" " tag="321"><subfield code="a">Daily (eight months a year), weekly (four months a year)</subfield></datafield><datafield ind1=" " ind2=" " tag="336"><subfield code="a">text</subfield><subfield code="b">txt</subfield><subfield code="2">rdacontent</subfield></datafield><datafield ind1=" " ind2=" " tag="337"><subfield code="a">unmediated</subfield><subfield code="b">n</subfield><subfield code="2">rdamedia</subfield></datafield><datafield ind1=" " ind2=" " tag="338"><subfield code="a">volume</subfield><subfield code="b">nc</subfield><subfield code="2">rdacarrier</subfield></datafield><datafield ind1="0" ind2=" " tag="362"><subfield code="a">Vol. 1, no. 1 (Oct. 7, 1833)-</subfield></datafield><datafield ind1="1" ind2=" " tag="362"><subfield code="a">Ceased in Oct. 1839.</subfield><subfield code="z">Cf. Gregory, W.  Amer. newspapers.</subfield></datafield><datafield ind1=" " ind2=" " tag="530"><subfield code="a">Also available on microfilm from the University of Alabama; Bell &amp; Howell, Micro-Photo Div.</subfield></datafield><datafield ind1=" " ind2=" " tag="752"><subfield code="a">United States</subfield><subfield code="b">Alabama</subfield><subfield code="c">Mobile</subfield><subfield code="d">Mobile.</subfield></datafield><datafield ind1="0" ind2=" " tag="775"><subfield code="t">Mobile mercantile advertiser (Mobile, Ala. : 1823 : Semiweekly)</subfield><subfield code="w">(DLC)sn 85025907</subfield><subfield code="w">(OCoLC)2651656</subfield></datafield><datafield ind1="0" ind2=" " tag="775"><subfield code="t">Mobile mercantile advertiser for the country</subfield><subfield code="w">(DLC)sn 85025227</subfield><subfield code="w">(OCoLC)11604882</subfield></datafield><datafield ind1="0" ind2="0" tag="780"><subfield code="t">Mobile Argus</subfield><subfield code="w">(DLC)sn 85025908</subfield><subfield code="w">(OCoLC)2625073</subfield></datafield><datafield ind1="0" ind2="7" tag="785"><subfield code="t">Mobile chronicle</subfield><subfield code="w">(DLC)sn 93065628</subfield><subfield code="w">(OCoLC)27980658</subfield></datafield><datafield ind1="0" ind2="7" tag="785"><subfield code="t">Mobile daily advertiser &amp; chronicle</subfield><subfield code="w">(DLC)sn 84023537</subfield><subfield code="w">(OCoLC)10942703</subfield></datafield><datafield ind1="1" ind2=" " tag="029"><subfield code="a">AU@</subfield><subfield code="b">000025812749</subfield></datafield></record>